@Manual{R-Amelia,
  title = {Amelia: A Program for Missing Data},
  author = {James Honaker and Gary King and Matthew Blackwell},
  year = {2021},
  note = {R package version 1.8.0},
  url = {https://gking.harvard.edu/amelia},
}

@Manual{R-base,
  title = {R: A Language and Environment for Statistical Computing},
  author = {{R Core Team}},
  organization = {R Foundation for Statistical Computing},
  address = {Vienna, Austria},
  year = {2021},
  url = {https://www.R-project.org/},
}

@Manual{R-bayesplot,
  title = {bayesplot: Plotting for Bayesian Models},
  author = {Jonah Gabry and Tristan Mahr},
  year = {2021},
  note = {R package version 1.8.1},
  url = {https://mc-stan.org/bayesplot/},
}

@Manual{R-bayestestR,
  title = {bayestestR: Understand and Describe Bayesian Models and Posterior
Distributions},
  author = {Dominique Makowski and Daniel Lüdecke and Mattan S. Ben-Shachar and Indrajeet Patil and Michael D. Wilson and Brenton M. Wiernik},
  year = {2021},
  note = {R package version 0.11.5},
  url = {https://easystats.github.io/bayestestR/},
}

@Manual{R-brms,
  title = {brms: Bayesian Regression Models using Stan},
  author = {Paul-Christian Bürkner},
  year = {2022},
  note = {https://github.com/paul-buerkner/brms},
}

@Manual{R-correlation,
  title = {correlation: Methods for Correlation Analysis},
  author = {Dominique Makowski and Brenton M. Wiernik and Indrajeet Patil and Daniel Lüdecke and Mattan S. Ben-Shachar},
  year = {2021},
  note = {R package version 0.7.1},
  url = {https://easystats.github.io/correlation/},
}

@Manual{R-dagitty,
  title = {dagitty: Graphical Analysis of Structural Causal Models},
  author = {Johannes Textor and Benito {van der Zander} and Ankur Ankan},
  year = {2021},
  note = {R package version 0.3-1},
  url = {https://CRAN.R-project.org/package=dagitty},
}

@Manual{R-datawizard,
  title = {datawizard: Easy Data Wrangling},
  author = {Dominique Makowski and Daniel Lüdecke and Indrajeet Patil and Mattan S. Ben-Shachar and Brenton M. Wiernik},
  year = {2022},
  note = {R package version 0.2.3},
  url = {https://easystats.github.io/datawizard/},
}

@Manual{R-dplyr,
  title = {dplyr: A Grammar of Data Manipulation},
  author = {Hadley Wickham and Romain François and Lionel Henry and Kirill Müller},
  year = {2022},
  note = {R package version 1.0.8},
  url = {https://CRAN.R-project.org/package=dplyr},
}

@Manual{R-easystats,
  title = {easystats: Jump in the Easyverse},
  author = {Daniel Lüdecke and Dominique Makowski and Mattan S. Ben-Shachar and Indrajeet Patil and Brenton M. Wiernik},
  year = {2022},
  note = {R package version 0.4.3},
  url = {https://github.com/easystats/easystats},
}

@Manual{R-effectsize,
  title = {effectsize: Indices of Effect Size and Standardized Parameters},
  author = {Mattan S. Ben-Shachar and Dominique Makowski and Daniel Lüdecke},
  year = {2022},
  note = {R package version 0.6.0.1},
  url = {https://easystats.github.io/effectsize/},
}

@Manual{R-forcats,
  title = {forcats: Tools for Working with Categorical Variables (Factors)},
  author = {Hadley Wickham},
  year = {2021},
  note = {R package version 0.5.1},
  url = {https://CRAN.R-project.org/package=forcats},
}

@Manual{R-geepack,
  title = {geepack: Generalized Estimating Equation Package},
  author = {Søren Højsgaard and Ulrich Halekoh and Jun Yan},
  year = {2022},
  note = {R package version 1.3.3},
  url = {https://CRAN.R-project.org/package=geepack},
}

@Manual{R-ggdag,
  title = {ggdag: Analyze and Create Elegant Directed Acyclic Graphs},
  author = {Malcolm Barrett},
  year = {2021},
  note = {R package version 0.2.4},
  url = {https://github.com/malcolmbarrett/ggdag},
}

@Manual{R-ggeffects,
  title = {ggeffects: Create Tidy Data Frames of Marginal Effects for ggplot from
Model Outputs},
  author = {Daniel Lüdecke},
  year = {2021},
  note = {R package version 1.1.1},
  url = {https://strengejacke.github.io/ggeffects/},
}

@Manual{R-ggplot2,
  title = {ggplot2: Create Elegant Data Visualisations Using the Grammar of Graphics},
  author = {Hadley Wickham and Winston Chang and Lionel Henry and Thomas Lin Pedersen and Kohske Takahashi and Claus Wilke and Kara Woo and Hiroaki Yutani and Dewey Dunnington},
  year = {2021},
  note = {R package version 3.3.5},
  url = {https://CRAN.R-project.org/package=ggplot2},
}

@Manual{R-ggraph,
  title = {ggraph: An Implementation of Grammar of Graphics for Graphs and Networks},
  author = {Thomas Lin Pedersen},
  year = {2021},
  note = {R package version 2.0.5},
  url = {https://CRAN.R-project.org/package=ggraph},
}

@Manual{R-ggthemes,
  title = {ggthemes: Extra Themes, Scales and Geoms for ggplot2},
  author = {Jeffrey B. Arnold},
  year = {2021},
  note = {R package version 4.2.4},
  url = {https://github.com/jrnold/ggthemes},
}

@Manual{R-here,
  title = {here: A Simpler Way to Find Your Files},
  author = {Kirill Müller},
  year = {2020},
  note = {R package version 1.0.1},
  url = {https://CRAN.R-project.org/package=here},
}

@Manual{R-insight,
  title = {insight: Easy Access to Model Information for Various Model Objects},
  author = {Daniel Lüdecke and Dominique Makowski and Indrajeet Patil and Philip Waggoner and Mattan S. Ben-Shachar and Brenton M. Wiernik},
  year = {2022},
  note = {R package version 0.16.0},
  url = {https://easystats.github.io/insight/},
}

@Manual{R-ipw,
  title = {ipw: Estimate Inverse Probability Weights},
  author = {Ronald B. Geskus and Willem M. {van der Wal}},
  year = {2015},
  note = {R package version 1.0-11},
  url = {https://CRAN.R-project.org/package=ipw},
}

@Manual{R-kableExtra,
  title = {kableExtra: Construct Complex Table with kable and Pipe Syntax},
  author = {Hao Zhu},
  year = {2021},
  note = {R package version 1.3.4},
  url = {https://CRAN.R-project.org/package=kableExtra},
}

@Manual{R-lme4,
  title = {lme4: Linear Mixed-Effects Models using Eigen and S4},
  author = {Douglas Bates and Martin Maechler and Ben Bolker and Steven Walker},
  year = {2021},
  note = {R package version 1.1-27.1},
  url = {https://github.com/lme4/lme4/},
}

@Manual{R-magick,
  title = {magick: Advanced Graphics and Image-Processing in R},
  author = {Jeroen Ooms},
  year = {2021},
  note = {R package version 2.7.3},
  url = {https://CRAN.R-project.org/package=magick},
}

@Manual{R-Matrix,
  title = {Matrix: Sparse and Dense Matrix Classes and Methods},
  author = {Douglas Bates and Martin Maechler},
  year = {2021},
  note = {R package version 1.3-4},
  url = {http://Matrix.R-forge.R-project.org/},
}

@Manual{R-modelbased,
  title = {modelbased: Estimation of Model-Based Predictions, Contrasts and Means},
  author = {Dominique Makowski and Daniel Lüdecke and Mattan S. Ben-Shachar and Indrajeet Patil},
  year = {2022},
  note = {R package version 0.7.1.1},
  url = {https://easystats.github.io/modelbased/},
}

@Manual{R-naniar,
  title = {naniar: Data Structures, Summaries, and Visualisations for Missing Data},
  author = {Nicholas Tierney and Di Cook and Miles McBain and Colin Fay},
  year = {2021},
  note = {R package version 0.6.1},
  url = {https://github.com/njtierney/naniar},
}

@Manual{R-parameters,
  title = {parameters: Processing of Model Parameters},
  author = {Daniel Lüdecke and Dominique Makowski and Mattan S. Ben-Shachar and Indrajeet Patil and Søren Højsgaard and Brenton M. Wiernik},
  year = {2022},
  note = {R package version 0.16.0},
  url = {https://easystats.github.io/parameters/},
}

@Manual{R-patchwork,
  title = {patchwork: The Composer of Plots},
  author = {Thomas Lin Pedersen},
  year = {2020},
  note = {R package version 1.1.1},
  url = {https://CRAN.R-project.org/package=patchwork},
}

@Manual{R-performance,
  title = {performance: Assessment of Regression Models Performance},
  author = {Daniel Lüdecke and Dominique Makowski and Mattan S. Ben-Shachar and Indrajeet Patil and Philip Waggoner and Brenton M. Wiernik},
  year = {2021},
  note = {R package version 0.8.0},
  url = {https://easystats.github.io/performance/},
}

@Manual{R-purrr,
  title = {purrr: Functional Programming Tools},
  author = {Lionel Henry and Hadley Wickham},
  year = {2020},
  note = {R package version 0.3.4},
  url = {https://CRAN.R-project.org/package=purrr},
}

@Manual{R-Rcpp,
  title = {Rcpp: Seamless R and C++ Integration},
  author = {Dirk Eddelbuettel and Romain Francois and JJ Allaire and Kevin Ushey and Qiang Kou and Nathan Russell and Inaki Ucar and Douglas Bates and John Chambers},
  year = {2022},
  note = {R package version 1.0.8},
  url = {https://CRAN.R-project.org/package=Rcpp},
}

@Manual{R-readr,
  title = {readr: Read Rectangular Text Data},
  author = {Hadley Wickham and Jim Hester and Jennifer Bryan},
  year = {2022},
  note = {R package version 2.1.2},
  url = {https://CRAN.R-project.org/package=readr},
}

@Manual{R-report,
  title = {report: Automated Reporting of Results and Statistical Models},
  author = {Dominique Makowski and Daniel Lüdecke and Mattan S. Ben-Shachar and Indrajeet Patil and Brenton M. Wiernik},
  year = {2022},
  note = {R package version 0.5.0.9000},
  url = {https://easystats.github.io/report/},
}

@Manual{R-see,
  title = {see: Visualisation Toolbox for easystats and Extra Geoms, Themes
and Color Palettes for ggplot2},
  author = {Daniel Lüdecke and Dominique Makowski and Indrajeet Patil and Mattan S. Ben-Shachar and Brenton M. Wiernik and Philip Waggoner},
  year = {2021},
  note = {R package version 0.6.8},
  url = {https://easystats.github.io/see/},
}

@Manual{R-stringr,
  title = {stringr: Simple, Consistent Wrappers for Common String Operations},
  author = {Hadley Wickham},
  year = {2019},
  note = {R package version 1.4.0},
  url = {https://CRAN.R-project.org/package=stringr},
}

@Manual{R-table1,
  title = {table1: Tables of Descriptive Statistics in HTML},
  author = {Benjamin Rich},
  year = {2021},
  note = {R package version 1.4.2},
  url = {https://github.com/benjaminrich/table1},
}

@Manual{R-texreg,
  title = {texreg: Conversion of R Regression Output to LaTeX or HTML Tables},
  author = {Philip Leifeld},
  year = {2020},
  note = {R package version 1.37.5},
  url = {http://github.com/leifeld/texreg/},
}

@Manual{R-tibble,
  title = {tibble: Simple Data Frames},
  author = {Kirill Müller and Hadley Wickham},
  year = {2021},
  note = {R package version 3.1.6},
  url = {https://CRAN.R-project.org/package=tibble},
}

@Manual{R-tidybayes,
  title = {tidybayes: Tidy Data and Geoms for Bayesian Models},
  author = {Matthew Kay},
  year = {2022},
  note = {R package version 3.0.2},
  url = {https://CRAN.R-project.org/package=tidybayes},
}

@Manual{R-tidyr,
  title = {tidyr: Tidy Messy Data},
  author = {Hadley Wickham and Maximilian Girlich},
  year = {2022},
  note = {R package version 1.2.0},
  url = {https://CRAN.R-project.org/package=tidyr},
}

@Manual{R-tidyverse,
  title = {tidyverse: Easily Install and Load the Tidyverse},
  author = {Hadley Wickham},
  year = {2021},
  note = {R package version 1.3.1},
  url = {https://CRAN.R-project.org/package=tidyverse},
}

@Manual{R-viridisLite,
  title = {viridisLite: Colorblind-Friendly Color Maps (Lite Version)},
  author = {Simon Garnier},
  year = {2021},
  note = {R package version 0.4.0},
  url = {https://CRAN.R-project.org/package=viridisLite},
}

@Manual{R-WeightIt,
  title = {WeightIt: Weighting for Covariate Balance in Observational Studies},
  author = {Noah Greifer},
  year = {2021},
  note = {R package version 0.12.0},
  url = {https://CRAN.R-project.org/package=WeightIt},
}

@Article{Amelia2011,
  title = {{Amelia II}: A Program for Missing Data},
  author = {James Honaker and Gary King and Matthew Blackwell},
  journal = {Journal of Statistical Software},
  year = {2011},
  volume = {45},
  number = {7},
  pages = {1--47},
  url = {https://www.jstatsoft.org/v45/i07/},
}

@Article{bayesplot2019,
  title = {Visualization in Bayesian workflow},
  author = {Jonah Gabry and Daniel Simpson and Aki Vehtari and Michael Betancourt and Andrew Gelman},
  year = {2019},
  journal = {J. R. Stat. Soc. A},
  volume = {182},
  issue = {2},
  pages = {389-402},
  doi = {10.1111/rssa.12378},
}

@Article{bayestestR2019,
  title = {bayestestR: Describing Effects and their Uncertainty, Existence and Significance within the Bayesian Framework.},
  author = {Dominique Makowski and Mattan S. Ben-Shachar and Daniel Lüdecke},
  journal = {Journal of Open Source Software},
  doi = {10.21105/joss.01541},
  year = {2019},
  number = {40},
  volume = {4},
  pages = {1541},
  url = {https://joss.theoj.org/papers/10.21105/joss.01541},
}

@Article{brms2017,
  title = {{brms}: An {R} Package for {Bayesian} Multilevel Models Using {Stan}},
  author = {Paul-Christian Bürkner},
  journal = {Journal of Statistical Software},
  year = {2017},
  volume = {80},
  number = {1},
  pages = {1--28},
  doi = {10.18637/jss.v080.i01},
  encoding = {UTF-8},
}

@Article{brms2018,
  title = {Advanced {Bayesian} Multilevel Modeling with the {R} Package {brms}},
  author = {Paul-Christian Bürkner},
  journal = {The R Journal},
  year = {2018},
  volume = {10},
  number = {1},
  pages = {395--411},
  doi = {10.32614/RJ-2018-017},
  encoding = {UTF-8},
}

@Article{brms2021,
  title = {Bayesian Item Response Modeling in {R} with {brms} and {Stan}},
  author = {Paul-Christian Bürkner},
  journal = {Journal of Statistical Software},
  year = {2021},
  volume = {100},
  number = {5},
  pages = {1--54},
  doi = {10.18637/jss.v100.i05},
  encoding = {UTF-8},
}

@Article{correlation2020,
  title = {Methods and Algorithms for Correlation Analysis in R.},
  author = {Dominique Makowski and Mattan S. Ben-Shachar and Indrajeet Patil and Daniel Lüdecke},
  doi = {10.21105/joss.02306},
  year = {2020},
  journal = {Journal of Open Source Software},
  number = {51},
  volume = {5},
  pages = {2306},
  url = {https://joss.theoj.org/papers/10.21105/joss.02306},
}

@Article{dagitty2016,
  title = {Robust causal inference using directed acyclic graphs: the R package 'dagitty'},
  journal = {International Journal of Epidemiology},
  author = {Johannes Textor and Benito {van der Zander} and Mark S Gilthorpe and Maciej Liśkiewicz and George TH Ellison},
  volume = {45},
  number = {6},
  pages = {1887--1894},
  year = {2016},
  doi = {10.1093/ije/dyw341},
}

@Article{datawizard2021,
  title = {datawizard: Easy Data Wrangling},
  author = {Dominique Makowski and Daniel Lüdecke and Indrajeet Patil and Mattan S. Ben-Shachar and Brenton M. Wiernik},
  journal = {CRAN},
  year = {2021},
  note = {R package},
  url = {https://easystats.github.io/datawizard/},
}

@Article{easystats2020,
  title = {The easystats collection of R packages.},
  author = {Dominique Makowski and Mattan S. Ben-Shachar and Daniel Lüdecke},
  journal = {GitHub},
  year = {2020},
  url = {https://github.com/easystats/easystats},
}

@Article{effectsize2020,
  title = {{e}ffectsize: Estimation of Effect Size Indices and Standardized Parameters},
  author = {Mattan S. Ben-Shachar and Daniel Lüdecke and Dominique Makowski},
  year = {2020},
  journal = {Journal of Open Source Software},
  volume = {5},
  number = {56},
  pages = {2815},
  publisher = {The Open Journal},
  doi = {10.21105/joss.02815},
  url = {https://doi.org/10.21105/joss.02815},
}

@Article{geepack2006,
  title = {The R Package geepack for Generalized Estimating Equations},
  author = {Ulrich Halekoh and Søren Højsgaard and Jun Yan},
  year = {2006},
  journal = {Journal of Statistical Software},
  volume = {15/2},
  pages = {1--11},
}

@Article{geepack2004,
  title = {Estimating Equations for Association Structures},
  author = {Jun Yan and Jason P. Fine},
  year = {2004},
  journal = {Statistics in Medicine},
  volume = {23},
  pages = {859--880},
}

@Article{geepack2002,
  title = {geepack: Yet Another Package for Generalized Estimating Equations},
  author = {Jun Yan},
  year = {2002},
  journal = {R-News},
  volume = {2/3},
  pages = {12--14},
}

@Article{ggeffects2018,
  title = {ggeffects: Tidy Data Frames of Marginal Effects from Regression Models.},
  volume = {3},
  doi = {10.21105/joss.00772},
  number = {26},
  journal = {Journal of Open Source Software},
  author = {Daniel Lüdecke},
  year = {2018},
  pages = {772},
}

@Book{ggplot22016,
  author = {Hadley Wickham},
  title = {ggplot2: Elegant Graphics for Data Analysis},
  publisher = {Springer-Verlag New York},
  year = {2016},
  isbn = {978-3-319-24277-4},
  url = {https://ggplot2.tidyverse.org},
}

@Article{insight2019,
  title = {{insight}: A Unified Interface to Access Information from Model Objects in {R}.},
  volume = {4},
  doi = {10.21105/joss.01412},
  number = {38},
  journal = {Journal of Open Source Software},
  author = {Daniel Lüdecke and Philip Waggoner and Dominique Makowski},
  year = {2019},
  pages = {1412},
}

@Article{ipw2011,
  title = {{ipw}: An {R} Package for Inverse Probability Weighting},
  author = {Willem M. {van der Wal} and Ronald B. Geskus},
  journal = {Journal of Statistical Software},
  year = {2011},
  volume = {43},
  number = {13},
  pages = {1--23},
  url = {http://www.jstatsoft.org/v43/i13/},
}

@Article{lme42015,
  title = {Fitting Linear Mixed-Effects Models Using {lme4}},
  author = {Douglas Bates and Martin M{\"a}chler and Ben Bolker and Steve Walker},
  journal = {Journal of Statistical Software},
  year = {2015},
  volume = {67},
  number = {1},
  pages = {1--48},
  doi = {10.18637/jss.v067.i01},
}

@Article{modelbased2020,
  title = {Estimation of Model-Based Predictions, Contrasts and Means.},
  author = {Dominique Makowski and Mattan S. Ben-Shachar and Indrajeet Patil and Daniel Lüdecke},
  journal = {CRAN},
  year = {2020},
  url = {https://github.com/easystats/modelbased},
}

@Article{parameters2020,
  title = {Extracting, Computing and Exploring the Parameters of Statistical Models using {R}.},
  volume = {5},
  doi = {10.21105/joss.02445},
  number = {53},
  journal = {Journal of Open Source Software},
  author = {Daniel Lüdecke and Mattan S. Ben-Shachar and Indrajeet Patil and Dominique Makowski},
  year = {2020},
  pages = {2445},
}

@Article{performance2021,
  title = {{performance}: An {R} Package for Assessment, Comparison and Testing of Statistical Models},
  author = {Daniel Lüdecke and Mattan S. Ben-Shachar and Indrajeet Patil and Philip Waggoner and Dominique Makowski},
  year = {2021},
  journal = {Journal of Open Source Software},
  volume = {6},
  number = {60},
  pages = {3139},
  doi = {10.21105/joss.03139},
}

@Article{Rcpp2011,
  title = {{Rcpp}: Seamless {R} and {C++} Integration},
  author = {Dirk Eddelbuettel and Romain Fran\c{c}ois},
  journal = {Journal of Statistical Software},
  year = {2011},
  volume = {40},
  number = {8},
  pages = {1--18},
  doi = {10.18637/jss.v040.i08},
}

@Book{Rcpp2013,
  title = {Seamless {R} and {C++} Integration with {Rcpp}},
  author = {Dirk Eddelbuettel},
  publisher = {Springer},
  address = {New York},
  year = {2013},
  note = {ISBN 978-1-4614-6867-7},
  doi = {10.1007/978-1-4614-6868-4},
}

@Article{Rcpp2018,
  title = {{Extending 	extit{R} with 	extit{C++}: A Brief Introduction to 	extit{Rcpp}}},
  author = {Dirk Eddelbuettel and James Joseph Balamuta},
  journal = {The American Statistician},
  year = {2018},
  volume = {72},
  number = {1},
  pages = {28-36},
  doi = {10.1080/00031305.2017.1375990},
}

@Article{report2021,
  title = {Automated Results Reporting as a Practical Tool to Improve Reproducibility and Methodological Best Practices Adoption},
  author = {Dominique Makowski and Mattan S. Ben-Shachar and Indrajeet Patil and Daniel Lüdecke},
  year = {2021},
  journal = {CRAN},
  url = {https://github.com/easystats/report},
}

@Article{see2021,
  title = {{see}: An {R} Package for Visualizing Statistical Models},
  author = {Daniel Lüdecke and Indrajeet Patil and Mattan S. Ben-Shachar and Brenton M. Wiernik and Philip Waggoner and Dominique Makowski},
  journal = {Journal of Open Source Software},
  year = {2021},
  volume = {6},
  number = {64},
  pages = {3393},
  doi = {10.21105/joss.03393},
}

@Article{texreg2013,
  title = {{texreg}: Conversion of Statistical Model Output in {R} to {\LaTeX} and {HTML} Tables},
  author = {Philip Leifeld},
  journal = {Journal of Statistical Software},
  year = {2013},
  volume = {55},
  number = {8},
  pages = {1--24},
  url = {http://dx.doi.org/10.18637/jss.v055.i08},
}

@Article{tidyverse2019,
  title = {Welcome to the {tidyverse}},
  author = {Hadley Wickham and Mara Averick and Jennifer Bryan and Winston Chang and Lucy D'Agostino McGowan and Romain François and Garrett Grolemund and Alex Hayes and Lionel Henry and Jim Hester and Max Kuhn and Thomas Lin Pedersen and Evan Miller and Stephan Milton Bache and Kirill Müller and Jeroen Ooms and David Robinson and Dana Paige Seidel and Vitalie Spinu and Kohske Takahashi and Davis Vaughan and Claus Wilke and Kara Woo and Hiroaki Yutani},
  year = {2019},
  journal = {Journal of Open Source Software},
  volume = {4},
  number = {43},
  pages = {1686},
  doi = {10.21105/joss.01686},
}

