
@article{tchetgen2012,
	title = {On causal inference in the presence of interference},
	author = {Tchetgen, Eric J Tchetgen and VanderWeele, Tyler J},
	year = {2012},
	date = {2012},
	journal = {Statistical methods in medical research},
	pages = {55{\textendash}75},
	volume = {21},
	number = {1},
	note = {Publisher: Sage Publications Sage UK: London, England}
}

@article{tchetgen2012,
	title = {On causal inference in the presence of interference},
	author = {Tchetgen, Eric J Tchetgen and VanderWeele, Tyler J},
	year = {2012},
	date = {2012},
	journal = {Statistical methods in medical research},
	pages = {55{\textendash}75},
	volume = {21},
	number = {1},
	note = {Publisher: Sage Publications Sage UK: London, England}
}
